<record><leader>00000cas a22000007a 4500</leader><controlfield tag="001">17426666</controlfield><controlfield tag="008">880203d19301948lauwr ne      0    0eng d</controlfield><datafield ind1=" " ind2=" " tag="010"><subfield code="a">sn 88064022 </subfield></datafield><datafield ind1=" " ind2=" " tag="040"><subfield code="a">LNP</subfield><subfield code="b">eng</subfield><subfield code="c">LNP</subfield><subfield code="d">OCLCQ</subfield></datafield><datafield ind1=" " ind2=" " tag="042"><subfield code="a">msc</subfield></datafield><datafield ind1="0" ind2="0" tag="245"><subfield code="a">Amite progress.</subfield></datafield><datafield ind1=" " ind2=" " tag="260"><subfield code="a">Amite, La. :</subfield><subfield code="b">Mrs. Bessye Payer</subfield></datafield><datafield ind1=" " ind2=" " tag="310"><subfield code="a">Weekly</subfield></datafield><datafield ind1="0" ind2=" " tag="362"><subfield code="a">Vol. 1, no. 1 (Feb. 20, 1930)-v. 18, no. 44 (Feb. 12, 1948).</subfield></datafield><datafield ind1=" " ind2=" " tag="752"><subfield code="a">United States</subfield><subfield code="b">Louisiana</subfield><subfield code="c">Tangipahoa</subfield><subfield code="d">Amite City.</subfield></datafield><datafield ind1="0" ind2="0" tag="785"><subfield code="t">Tangi talk and the Amite progress</subfield><subfield code="w">(DLC)sn 88064023</subfield></datafield></record>